@InProceedings{ddsp,
  author = 	 "{Jesse Engel, Lamtharn Hantrakul, Chenjie Gu, and Adam Roberts}",
  TITLE   =      {{DDSP}: Differentiable digital
signal processing},
  booktitle =    "ICLR",
  year = 	 "2020"
}

@InProceedings{control-synthesis,
  author = 	 "{Nicolas Jonason, Bob Sturm, and Carl Thom√©}",
  TITLE   =      {The control-synthesis approach for making
expressive and controllable neural music synthesizers},
  booktitle =    "Joint Conference on AI Music
Creativity",
  year = 	 "2020"
}

@online{ddsp_simplified_repo,
  title = {{DDSP} simplified repository},
  url = {https://github.com/raraz15/ddsp_simplified},
  urldate = {2021-10-31}
}

@online{online_supplement,
  title = {Online supplement},
  url= {https://github.com/hq9000/hq9000/blob/drmn16/_posts/2021-11-08-building-style-aware-neural-midi-synthesizers-using-simplified-differentiable-dsp-approach.md},
  urldate = {2021-10-31}
}